<?xml version="1.0" encoding="UTF-8"?><collection xmlns="http://www.loc.gov/MARC21/slim"><record><leader>00420nam--2200133-i-4500</leader><controlfield tag="001">000045990</controlfield><controlfield tag="002">20161230</controlfield><controlfield tag="005">20161230201045</controlfield><controlfield tag="008">060222s1000------------r-----000-0-eng-d</controlfield><datafield ind1=" " ind2=" " tag="245"><subfield code="a">Gas dynamics of cosmic clouds. a symposium held at cambridge ... 1953</subfield></datafield><datafield ind1=" " ind2=" " tag="260"><subfield code="a">Amsterdam, North Holland, 1955, Xii+427p.Cu Fig</subfield></datafield><datafield ind1=" " ind2=" " tag="490"><subfield code="a">Intern Union Of Theor.And Appl.Mechanics</subfield></datafield><datafield ind1=" " ind2=" " tag="700"><subfield code="a">Vandehulstandburghers,J.M</subfield></datafield><datafield ind1=" " ind2=" " tag="852"><subfield code="a">12026</subfield></datafield></record></collection>